%% This BibTeX bibliography file was created using BibDesk.
%% http://bibdesk.sourceforge.net/

%% Created for Bj√∂rn Bos at 2019-05-28 12:06:36 +0200 


%% Saved with string encoding Unicode (UTF-8) 



@booklet{Sozialmonitoring_Bericht_2018,
	Author = {{Freie und Hansestadt Hamburg - Beh{\"o}rde f{\"u}r Stadtentwicklung und Wohnen}},
	Date-Added = {2019-05-22 18:27:18 +0200},
	Date-Modified = {2019-05-26 17:36:24 +0200},
	Howpublished = {URL: \url{https://www.hamburg.de/sozialmonitoring}},
	Title = {{Sozialmonitoring Integrierte Stadtteilentwicklung -- Bericht 2018}},
	Year = {2018}}

@misc{New_Yorker,
	Author = {Buchanan, Larry},
	Date-Added = {2019-05-22 18:24:55 +0200},
	Date-Modified = {2019-05-28 11:30:58 +0200},
	Howpublished = {\textit{The New Yorker}. Accessed May 19, 2019. URL \url{https://projects.newyorker.com/story/subway/}},
	Title = {{Inequality and New York's Subway}},
	Year = {2013}}

@misc{M29,
	Author = {Rentsch, Theresa and Tr{\"o}ger, Julius and Klack, Moritz and Boenke, Max and Wendler, David and P{\"a}tzold, Andr{\'e}},
	Date-Added = {2019-05-22 18:18:59 +0200},
	Date-Modified = {2019-05-28 12:06:35 +0200},
	Howpublished = {\textit{Berliner Morgenpost}. Accessed May 19, 2019. URL \url{https://interaktiv.morgenpost.de/m29/}},
	Month = {January 13},
	Title = {{M29 - Berlins Buslinie der gro{\ss}en Unterschiede}},
	Year = {2015},
	Bdsk-Url-1 = {https://interaktiv.morgenpost.de/m29/}}
